@book{IAProg,
 author = {Virginie MATHIVET},
 title = {L'Intelligence Artificielle pour les développeurs
Concepts et implémentations en C\#},
 year = {2014},
 isbn = {978-2-7460-9215-0},
 publisher = {Editions ENI},
} 
@book{IABase,
 author = {Russell, Stuart J. and Norvig, Peter},
 title = {Artificial Intelligence: A Modern Approach},
 year = {2003},
 isbn = {0137903952},
 edition = {3},
 publisher = {Pearson Education},
} 
@article{AMF,
        author = {Jeremie Farret, ASTM Subcommittee F42.04},
        title = {New Specification for AMF Support for Solid Modeling: Voxel Information, Constructive Solid Geometry Representations and Solid Texturing },
        journal = {ASTM International},
        year = {2015-2016}
}
@misc{hexapod,
	title = {Closed-loop control of a hexapod robot with force foot sensors (Youtube)},
	url = {https://www.youtube.com/watch?v=-7WJkv4gbe4},
	abstract = {First experiments with one {OptoForce} sensor on each foot and a controller based on inverse kinematics.},
	author = {{Virgile Daugé, Jean-Baptiste Mouret}},
	urldate = {2016-12-01},
	date = {2016-11-28},
	keywords = {Hexapod, Robot}
}